<?xml version="1.0" encoding="UTF-8"?><collection xmlns="http://www.loc.gov/MARC21/slim"><record><leader>00699nam--2200181-i-4500</leader><controlfield tag="001">000015661</controlfield><controlfield tag="002">20161230</controlfield><controlfield tag="005">20161230201031</controlfield><controlfield tag="008">060222s1000------------r-----000-0-eng-d</controlfield><datafield ind1=" " ind2=" " tag="040"><subfield code="a">IFIN-HH</subfield></datafield><datafield ind1=" " ind2=" " tag="080"><subfield code="a">538.12.162.8:539.1.076(061.3)</subfield></datafield><datafield ind1="1" ind2=" " tag="100"><subfield code="a">Cox, Bradley/S.A.</subfield></datafield><datafield ind1="1" ind2="0" tag="245"><subfield code="a">Proceedings of the workshop on triggering, data acquisition, and offline computing for high energy/high luminosity hadron-hadron colliders fermilab batavia, illinois november 11-14, 1985</subfield><subfield code="c">Bradley cox, richard fenner, phyllis hale (eds.)</subfield></datafield><datafield ind1=" " ind2=" " tag="260"><subfield code="a">Batavia</subfield><subfield code="b">Fermi National Accelerator Laboratory</subfield><subfield code="c">1985</subfield></datafield><datafield ind1=" " ind2=" " tag="300"><subfield code="a">473P</subfield></datafield><datafield ind1="1" ind2=" " tag="700"><subfield code="a">Hale, Phyllis</subfield><subfield code="e">Ed</subfield></datafield><datafield ind1=" " ind2=" " tag="852"><subfield code="a">73302</subfield><subfield code="c">539.131</subfield></datafield><datafield ind1=" " ind2=" " tag="CAT"><subfield code="a">Sys</subfield><subfield code="c">20120314</subfield><subfield code="h">090045</subfield></datafield></record></collection>